<record><leader>00000cas a22000007a 4500</leader><controlfield tag="001">13190174</controlfield><controlfield tag="008">860224d19761982wiucr ne      0    0eng d</controlfield><datafield ind1=" " ind2=" " tag="010"><subfield code="a">sn 86086331 </subfield></datafield><datafield ind1=" " ind2=" " tag="040"><subfield code="a">NPV</subfield><subfield code="b">eng</subfield><subfield code="c">NPV</subfield><subfield code="d">OCLCQ</subfield></datafield><datafield ind1=" " ind2=" " tag="042"><subfield code="a">msc</subfield></datafield><datafield ind1=" " ind2=" " tag="045"><subfield code="a">x7x8</subfield></datafield><datafield ind1=" " ind2=" " tag="052"><subfield code="a">4123</subfield><subfield code="b">M7</subfield></datafield><datafield ind1="0" ind2=" " tag="130"><subfield code="a">Tomah journal (Tomah, Wis. : 1976)</subfield></datafield><datafield ind1="1" ind2="4" tag="245"><subfield code="a">The Tomah journal.</subfield></datafield><datafield ind1="1" ind2="3" tag="246"><subfield code="a">Tomah journal and monitor-herald</subfield></datafield><datafield ind1="3" ind2="0" tag="246"><subfield code="a">Tomah monitor-herald</subfield></datafield><datafield ind1=" " ind2=" " tag="260"><subfield code="a">Tomah, Wis. :</subfield><subfield code="b">J.R. Kenney,</subfield><subfield code="c">1976-1982.</subfield></datafield><datafield ind1=" " ind2=" " tag="300"><subfield code="a">8 v. :</subfield><subfield code="b">ill.</subfield></datafield><datafield ind1=" " ind2=" " tag="310"><subfield code="a">Semiweekly</subfield></datafield><datafield ind1="0" ind2=" " tag="362"><subfield code="a">108th year, no. 75 (July 29, 1976)-[115th year], no. 24 (Mar. 1, 1982).</subfield></datafield><datafield ind1=" " ind2=" " tag="500"><subfield code="a">Title alternates every other issue: Tomah monitor-herald.</subfield></datafield><datafield ind1=" " ind2=" " tag="500"><subfield code="a">Editor: J.R. Kenney.</subfield></datafield><datafield ind1=" " ind2=" " tag="515"><subfield code="a">Volume designation for Tomah monitor-herald varies: &lt;96th year, no. 78 (Aug. 9, 1976)&gt;-96th year, no. 90 (Sept. 27, 1976); no volume designation, Oct. 4, 1976-Mar. 1, 1982.</subfield></datafield><datafield ind1=" " ind2=" " tag="530"><subfield code="a">Available on microfilm from The State Historical Society of Wisconsin.</subfield></datafield><datafield ind1=" " ind2=" " tag="752"><subfield code="a">United States</subfield><subfield code="b">Wisconsin</subfield><subfield code="c">Monroe</subfield><subfield code="d">Tomah.</subfield></datafield><datafield ind1="0" ind2="0" tag="780"><subfield code="t">Tomah journal and Tomah monitor-herald</subfield><subfield code="w">(DLC)sn 86086330</subfield></datafield><datafield ind1="0" ind2="6" tag="785"><subfield code="t">Tomah journal (Tomah, Wis. : 1982)</subfield><subfield code="w">(DLC)sn 86086332</subfield></datafield><datafield ind1="0" ind2="6" tag="785"><subfield code="t">Tomah monitor-herald (Tomah, Wis. : 1982)</subfield><subfield code="w">(DLC)sn 86086333</subfield></datafield><datafield ind1="1" ind2=" " tag="029"><subfield code="a">AU@</subfield><subfield code="b">000025826993</subfield></datafield></record>